@misc{gao2014sparse,
    title={Sparse CCA: Adaptive Estimation and Computational Barriers},
    author={Chao Gao and Zongming Ma and Harrison H. Zhou},
    year={2014},
    eprint={1409.8565},
    archivePrefix={arXiv},
    primaryClass={stat.ME}
}
@article{Ma_2013,
   title={Sparse principal component analysis and iterative thresholding},
   volume={41},
   ISSN={0090-5364},
   url={http://dx.doi.org/10.1214/13-AOS1097},
   DOI={10.1214/13-aos1097},
   number={2},
   journal={The Annals of Statistics},
   publisher={Institute of Mathematical Statistics},
   author={Ma, Zongming},
   year={2013},
   month={Apr},
   pages={772â€“801}
}
