@article{Meinshausen_2006,
   title={High-dimensional graphs and variable selection with the Lasso},
   volume={34},
   ISSN={0090-5364},
   url={http://dx.doi.org/10.1214/009053606000000281},
   DOI={10.1214/009053606000000281},
   number={3},
   journal={The Annals of Statistics},
   publisher={Institute of Mathematical Statistics},
   author={Meinshausen, Nicolai and Bühlmann, Peter},
   year={2006},
   month={Jun},
   pages={1436–1462}
}
@misc{cai2012estimating,
    title={Estimating Sparse Precision Matrix: Optimal Rates of Convergence and Adaptive Estimation},
    author={T. Tony Cai and Weidong Liu and Harrison H. Zhou},
    year={2012},
    eprint={1212.2882},
    archivePrefix={arXiv},
    primaryClass={math.ST}
}