@article{zhang2002,
author = "Zhang, Cun-Hui",
doi = "10.1214/aos/1021379864",
fjournal = "The Annals of Statistics",
journal = "Ann. Statist.",
month = "04",
number = "2",
pages = "528--555",
publisher = "The Institute of Mathematical Statistics",
title = "Risk bounds in isotonic regression",
url = "https://doi.org/10.1214/aos/1021379864",
volume = "30",
year = "2002"
}

@misc{gao2017estimation,
    title={On Estimation of Isotonic Piecewise Constant Signals},
    author={Chao Gao and Fang Han and Cun-Hui Zhang},
    year={2017},
    eprint={1705.06386},
    archivePrefix={arXiv},
    primaryClass={math.ST}
}