@misc{javanmard2015debiasing,
    title={De-biasing the Lasso: Optimal Sample Size for Gaussian Designs},
    author={Adel Javanmard and Andrea Montanari},
    year={2015},
    eprint={1508.02757},
    archivePrefix={arXiv},
    primaryClass={math.ST}
}

@misc{zhang2011confidence,
    title={Confidence Intervals for Low-Dimensional Parameters in High-Dimensional Linear Models},
    author={Cun-Hui Zhang and Stephanie S. Zhang},
    year={2011},
    eprint={1110.2563},
    archivePrefix={arXiv},
    primaryClass={stat.ME}
}

@article{van_de_Geer_2014,
   title={On asymptotically optimal confidence regions and tests for high-dimensional models},
   volume={42},
   ISSN={0090-5364},
   url={http://dx.doi.org/10.1214/14-AOS1221},
   DOI={10.1214/14-aos1221},
   number={3},
   journal={The Annals of Statistics},
   publisher={Institute of Mathematical Statistics},
   author={van de Geer, Sara and Bühlmann, Peter and Ritov, Ya’acov and Dezeure, Ruben},
   year={2014},
   month={Jun},
   pages={1166–1202}
}
