@article{Ma_2013,
   title={Sparse principal component analysis and iterative thresholding},
   volume={41},
   ISSN={0090-5364},
   url={http://dx.doi.org/10.1214/13-AOS1097},
   DOI={10.1214/13-aos1097},
   number={2},
   journal={The Annals of Statistics},
   publisher={Institute of Mathematical Statistics},
   author={Ma, Zongming},
   year={2013},
   month={Apr},
   pages={772–801}
}

@article{Berthet_2013,
   title={Optimal detection of sparse principal components in high dimension},
   volume={41},
   ISSN={0090-5364},
   url={http://dx.doi.org/10.1214/13-AOS1127},
   DOI={10.1214/13-aos1127},
   number={4},
   journal={The Annals of Statistics},
   publisher={Institute of Mathematical Statistics},
   author={Berthet, Quentin and Rigollet, Philippe},
   year={2013},
   month={Aug},
   pages={1780–1815}
}
@misc{alex2004direct,
    title={A direct formulation for sparse PCA using semidefinite programming},
    author={Alexandre d'Aspremont and Laurent El Ghaoui and Michael I. Jordan and Gert R. G. Lanckriet},
    year={2004},
    eprint={cs/0406021},
    archivePrefix={arXiv},
    primaryClass={cs.CE}
}
@article{Cai_2013,
   title={Sparse PCA: Optimal rates and adaptive estimation},
   volume={41},
   ISSN={0090-5364},
   url={http://dx.doi.org/10.1214/13-AOS1178},
   DOI={10.1214/13-aos1178},
   number={6},
   journal={The Annals of Statistics},
   publisher={Institute of Mathematical Statistics},
   author={Cai, T. Tony and Ma, Zongming and Wu, Yihong},
   year={2013},
   month={Dec},
   pages={3074–3110}
}
@article{doi:10.1198/jasa.2009.0121,
author = {Iain M. Johnstone and Arthur Yu Lu},
title = {On Consistency and Sparsity for Principal Components Analysis in High Dimensions},
journal = {Journal of the American Statistical Association},
volume = {104},
number = {486},
pages = {682-693},
year  = {2009},
publisher = {Taylor & Francis},
doi = {10.1198/jasa.2009.0121},
    note ={PMID: 20617121},

URL = { 
        https://doi.org/10.1198/jasa.2009.0121
    
},
eprint = { 
        https://doi.org/10.1198/jasa.2009.0121
    
}

}


