@article{Ren_2015,
   title={Asymptotic normality and optimalities in estimation of large Gaussian graphical models},
   volume={43},
   ISSN={0090-5364},
   url={http://dx.doi.org/10.1214/14-AOS1286},
   DOI={10.1214/14-aos1286},
   number={3},
   journal={The Annals of Statistics},
   publisher={Institute of Mathematical Statistics},
   author={Ren, Zhao and Sun, Tingni and Zhang, Cun-Hui and Zhou, Harrison H.},
   year={2015},
   month={Jun},
   pages={991â€“1026}
}
